<?xml version="1.0" encoding="UTF-8"?><collection xmlns="http://www.loc.gov/MARC21/slim"><record><leader>00398nam--2200121-i-4500</leader><controlfield tag="001">000008794</controlfield><controlfield tag="002">20161230</controlfield><controlfield tag="005">20161230201027</controlfield><controlfield tag="008">060222s1000------------r-----000-0-eng-d</controlfield><datafield ind1=" " ind2=" " tag="245"><subfield code="a">Anwendung von isotopen in der organischen chem ie. bestimmung der isotopenverteilung in markierte n verbindungen</subfield></datafield><datafield ind1=" " ind2=" " tag="260"><subfield code="a">Berlin, Springer-verlag, 1967, X + 247 P</subfield></datafield><datafield ind1=" " ind2=" " tag="700"><subfield code="a">Simon, H. Und Floss, H.G</subfield></datafield><datafield ind1=" " ind2=" " tag="852"><subfield code="a">30370</subfield></datafield></record></collection>